@article{ahlgren2012survey,
  title={A Survey of Information-Centric Networking},
  author={Ahlgren, B. and Dannewitz, C. and Imbrenda, C. and Kutscher, D. and Ohlman, B.},
  journal={Communications Magazine, IEEE},
  volume={50},
  number={7},
  pages={26--36},
  year={2012}
}

@article{mohammed2015survey,
  title={Survey on IoT Services: Classifications and Applications},
  author={Mohammed, F. H. and Esmail, R.},
  journal={Int J Sci Res},
  volume={4},
  pages={2124--7},
  year={2015}
}

@misc{evans2011internet,
  title={The Internet of Things: How the Next Evolution of the Internet Is Changing Everything},
  author={Evans, D.},
  year={2011},
  month={Apr}
}

@book{vermesan2014internet,
  title={Internet of Things: From Research and Innovation to Market Deployment},
  editor={Vermesan, O. and Friess, P.},
  series={River Publishers Series in Communication},
  year={2014},
  publisher={River},
  address={Aalborg}
}

@inproceedings{shrouf2014smart,
  title={Smart Factories in Industry 4.0: A Review of the Concept and of Energy Management Approached in Production Based on the Internet of Things Paradigm},
  author={Shrouf, F. and Ordieres, J. and Miragliotta, G.},
  booktitle={2014 IEEE International Conference on Industrial Engineering and Engineering Management (IEEM)},
  pages={697--701},
  year={2014},
  month={Dec}
}

@inproceedings{thoma2012iot,
  title={On IoT-Services: Survey, Classification and Enterprise Integration},
  author={Thoma, M. and Meyer, S. and Sperner, K. and Meissner, S. and Braun, T.},
  booktitle={2012 IEEE International Conference on Green Computing and Communications (GreenCom)},
  pages={257--260},
  year={2012},
  month={Nov}
}

@inproceedings{khodadadi2015data,
  title={A Data-Centric Framework for Development and Deployment of Internet of Things Applications in Clouds},
  author={Khodadadi, F. and Calheiros, R. N. and Buyya, R.},
  booktitle={2015 IEEE Tenth International Conference on Intelligent Sensors, Sensor Networks and Information Processing (ISSNIP)},
  pages={1--6},
  year={2015},
  month={Apr}
}

@inproceedings{clayman2010monitoring,
  title={Monitoring Service Clouds in the Future Internet},
  author={Clayman, S. and Galis, A. and Chapman, C. and Toffetti, G. and Rodero-Merino, L. and Vaquero, L. M. and Nagin, K. and Rochwerger, B.},
  booktitle={Towards the Future Internet - Emerging Trends from European Research},
  year={2010},
  month={Apr}
}

@inproceedings{hellbrck2013name,
  title={Name-Centric Service Architecture for Cyber-Physical Systems (Short Paper)},
  author={Hellbr{\"u}ck, H. and Teubler, T. and Fischer, S.},
  booktitle={2013 IEEE 6th International Conference on Service-Oriented Computing and Applications (SOCA)},
  pages={77--82},
  year={2013},
  month={Dec}
}

@techreport{zhang2010named,
  title={Named Data Networking (NDN) Project},
  author={Zhang, L. et al.},
  year={2010},
  month={Oct},
  institution={NDN},
  note={\url{http://named-data.net/doc/NDN-TLV/0.1/index.html}}
}

@inproceedings{psaras2012probabilistic,
  title={Probabilistic In-Network Caching for Information-Centric Networks},
  author={Psaras, I. et al.},
  booktitle={ACM ICNâ€™12, Helsinki, Finland},
  year={2012}
}

@inproceedings{tarnoi2014performance,
  title={Performance of Probabilistic Caching and Cache Replacement Policies for Content-Centric Networks},
  author={Tarnoi, S. and Suksomboon, K. and Kumwilaisak, W. and Ji, Y.},
  booktitle={2014 IEEE 39th Conference on Local Computer Networks (LCN)},
  year={2014}
}

@inproceedings{hail2015iot,
  title={IoT for AAL: An Architecture via Information-Centric Networking},
  author={Hail, M. A. and Fischer, S.},
  booktitle={2015 IEEE Globecom Workshops (GC Wkshps)},
  pages={1--6},
  year={2015},
  month={Dec}
}

@inproceedings{ren2013ccn,
  title={CCN-WSN - A Lightweight, Flexible Content-Centric Networking Protocol for Wireless Sensor Networks},
  author={Ren, Z. and Hail, M. and Hellbr{\"u}ck, H.},
  booktitle={Intelligent Sensors, Sensor Networks and Information Processing, 2013},
  year={2013},
  month={Apr}
}

@inproceedings{amadeo2014named,
  title={Named Data Networking for IoT: An Architectural Perspective},
  author={Amadeo, M. and Campolo, C. and Iera, A. and Molinaro, A.},
  booktitle={2014 Networks and Communications (EuCNC)},
  year={2014},
  month={Jun}
}

@article{shang2012internet,
  title={Internet of Things IoT Service Architecture and Its Application in E-Commerce},
  author={Shang, X. and Zhang, R. and Chen, Y.},
  journal={J. Electron. Commer. Organ.},
  volume={10},
  number={3},
  pages={44--55},
  year={2012},
  month={Jul},
  doi={\url{http://dx.doi.org/10.4018/jeco.2012070104}}
}

@article{guinard2010interacting,
  title={Interacting with the SOA-Based Internet of Things: Discovery, Query, Selection, and On-Demand Provisioning of Web Services},
  author={Guinard, D. and Trifa, V. and Karnouskos, S. and Spiess, P. and Savio, D.},
  journal={Services Computing, IEEE Transactions on},
  year={2010},
  month={Jul}
}

@inproceedings{hail2015caching,
  title={Caching in Named Data Networking for the Wireless Internet of Things},
  author={Hail, M. and Amadeo, M. and Molinaro, A. and Fischer, S.},
  booktitle={Recent Advances in Internet of Things (RIoT), 2015 International Conference on},
  pages={1--6},
  year={2015},
  month={Apr}
}

@inproceedings{teubler2013efficient,
  title={Efficient Data Aggregation with CCNx in Wireless Sensor Networks},
  author={Teubler, T. and Hail, M. A. M. and Hellbr{\"u}ck, H.},
  booktitle={19th EUNICE Workshop on Advances in Communication Networking (EUNICE 2013)},
  address={Chemnitz, Germany},
  year={2013},
  month={Aug}
}

@inproceedings{hail2015performance,
  title={On the Performance of Caching and Forwarding in Informationcentric Networking for the IoT},
  author={Hail, M. A. and Amadeo, M. and Molinaro, A. and Fischer, S.},
  booktitle={13th International Conference on Wired and Wireless Internet Communications},
  year={2015},
  month={Apr}
}

